/home/mowglie/disk/Documents/Lit/Mendeley_BibTex/habil.bib